@article{CMSdetector,
    author    = "S. Chatrchyan and others",
    collaboration = "CMS Collaboration",
    title = "The {CMS} experiment at the {CERN LHC}",
    journal   = "JINST",
    volume    = "3",
    year      = "2008",
    pages     = "S08004",
    doi       = "10.1088/1748-0221/3/08/S08004"
}

@article{Melnikov:2006kv,
      author         = "Melnikov, Kirill and Petriello, Frank",
      title          = "{Electroweak gauge boson production at hadron colliders
                        through O(alpha(s)**2)}",
      journal        = "Phys. Rev.",
      volume         = "D74",
      year           = "2006",
      pages          = "114017",
      doi            = "10.1103/PhysRevD.74.114017",
      eprint         = "hep-ph/0609070",
      archivePrefix  = "arXiv",
      primaryClass   = "hep-ph",
      reportNumber   = "UH-511-1092-06",
      SLACcitation   = "%%CITATION = HEP-PH/0609070;%%"
}

@article{Li:2012wna,
      author         = "Li, Ye and Petriello, Frank",
      title          = "{Combining QCD and electroweak corrections to dilepton
                        production in FEWZ}",
      journal        = "Phys. Rev.",
      volume         = "D86",
      year           = "2012",
      pages          = "094034",
      doi            = "10.1103/PhysRevD.86.094034",
      eprint         = "1208.5967",
      archivePrefix  = "arXiv",
      primaryClass   = "hep-ph",
      reportNumber   = "ANL-HEP-PR-12-68",
      SLACcitation   = "%%CITATION = ARXIV:1208.5967;%%"
}

@article{Aad:2014wca,
      author         = "Aad, Georges and others",
      title          = "{Search for contact interactions and large extra
                        dimensions in the dilepton channel using proton-proton
                        collisions at $\sqrt{s}$ = 8 TeV with the ATLAS detector}",
      collaboration  = "ATLAS",
      journal        = "Eur. Phys. J.",
      volume         = "C74",
      year           = "2014",
      number         = "12",
      pages          = "3134",
      doi            = "10.1140/epjc/s10052-014-3134-6",
      eprint         = "1407.2410",
      archivePrefix  = "arXiv",
      primaryClass   = "hep-ex",
      reportNumber   = "CERN-PH-EP-2014-135",
      SLACcitation   = "%%CITATION = ARXIV:1407.2410;%%"
}

@article{Khachatryan:2014fba,
      author         = "Khachatryan, Vardan and others",
      title          = "{Search for physics beyond the standard model in dilepton
                        mass spectra in proton-proton collisions at $ \sqrt{s}=8 $
                        TeV}",
      collaboration  = "CMS",
      journal        = "JHEP",
      volume         = "04",
      year           = "2015",
      pages          = "025",
      doi            = "10.1007/JHEP04(2015)025",
      eprint         = "1412.6302",
      archivePrefix  = "arXiv",
      primaryClass   = "hep-ex",
      reportNumber   = "CMS-EXO-12-061, CERN-PH-EP-2014-272",
      SLACcitation   = "%%CITATION = ARXIV:1412.6302;%%"
}

@article{Vermaseren:1982cz,
      author         = "Vermaseren, J. A. M.",
      title          = "{Two Photon Processes at Very High-Energies}",
      journal        = "Nucl. Phys.",
      volume         = "B229",
      year           = "1983",
      pages          = "347-371",
      doi            = "10.1016/0550-3213(83)90336-X",
      reportNumber   = "NIKHEF-H/82-15",
      SLACcitation   = "%%CITATION = NUPHA,B229,347;%%"
}

@inproceedings{Baranov:1991yq,
      author         = "Baranov, S. P. and Duenger, O. and Shooshtari, H. and
                        Vermaseren, J. A. M.",
      title          = "{LPAIR: A generator for lepton pair production}",
      booktitle      = "{In *Hamburg 1991, Proceedings, Physics at HERA, vol. 3*
                        1478-1482. (see HIGH ENERGY PHYSICS INDEX 30 (1992) No.
                        12988)}",
      year           = "1991",
      SLACcitation   = "%%CITATION = INSPIRE-326934;%%"
}

@article{Nason:2004rx,
      author         = "Nason, Paolo",
      title          = "{A New method for combining NLO QCD with shower Monte
                        Carlo algorithms}",
      journal        = "JHEP",
      volume         = "11",
      year           = "2004",
      pages          = "040",
      doi            = "10.1088/1126-6708/2004/11/040",
      eprint         = "hep-ph/0409146",
      archivePrefix  = "arXiv",
      primaryClass   = "hep-ph",
      reportNumber   = "BICOCCA-FT-04-11",
      SLACcitation   = "%%CITATION = HEP-PH/0409146;%%"
}

@article{Frixione:2007vw,
      author         = "Frixione, Stefano and Nason, Paolo and Oleari, Carlo",
      title          = "{Matching NLO QCD computations with Parton Shower
                        simulations: the POWHEG method}",
      journal        = "JHEP",
      volume         = "11",
      year           = "2007",
      pages          = "070",
      doi            = "10.1088/1126-6708/2007/11/070",
      eprint         = "0709.2092",
      archivePrefix  = "arXiv",
      primaryClass   = "hep-ph",
      reportNumber   = "BICOCCA-FT-07-9, GEF-TH-21-2007",
      SLACcitation   = "%%CITATION = ARXIV:0709.2092;%%"
}

@article{Alioli:2010xd,
      author         = "Alioli, Simone and Nason, Paolo and Oleari, Carlo and Re,
                        Emanuele",
      title          = "{A general framework for implementing NLO calculations in
                        shower Monte Carlo programs: the POWHEG BOX}",
      journal        = "JHEP",
      volume         = "06",
      year           = "2010",
      pages          = "043",
      doi            = "10.1007/JHEP06(2010)043",
      eprint         = "1002.2581",
      archivePrefix  = "arXiv",
      primaryClass   = "hep-ph",
      reportNumber   = "DESY-10-018, SFB-CPP-10-22, IPPP-10-11, DCPT-10-22",
      SLACcitation   = "%%CITATION = ARXIV:1002.2581;%%"
}

@article{Jager:2009xx,
      author         = "Jager, B. and Oleari, C. and Zeppenfeld, D.",
      title          = "{Next-to-leading order QCD corrections to W+ W+ jj and W-
                        W- jj production via weak-boson fusion}",
      journal        = "Phys. Rev.",
      volume         = "D80",
      year           = "2009",
      pages          = "034022",
      doi            = "10.1103/PhysRevD.80.034022",
      eprint         = "0907.0580",
      archivePrefix  = "arXiv",
      primaryClass   = "hep-ph",
      reportNumber   = "KA-TP-09-2009",
      SLACcitation   = "%%CITATION = ARXIV:0907.0580;%%"
}

@article{Melia:2010bm,
      author         = "Melia, Tom and Melnikov, Kirill and Rontsch, Raoul and
                        Zanderighi, Giulia",
      title          = "{Next-to-leading order QCD predictions for $W^+W^+jj$
                        production at the LHC}",
      journal        = "JHEP",
      volume         = "12",
      year           = "2010",
      pages          = "053",
      doi            = "10.1007/JHEP12(2010)053",
      eprint         = "1007.5313",
      archivePrefix  = "arXiv",
      primaryClass   = "hep-ph",
      SLACcitation   = "%%CITATION = ARXIV:1007.5313;%%"
}
@article{Melia:2011gk,
      author         = "Melia, Tom and Nason, Paolo and Rontsch, Raoul and
                        Zanderighi, Giulia",
      title          = "{W^+W^+ plus dijet production in the POWHEGBOX}",
      journal        = "Eur. Phys. J.",
      volume         = "C71",
      year           = "2011",
      pages          = "1670",
      doi            = "10.1140/epjc/s10052-011-1670-x",
      eprint         = "1102.4846",
      archivePrefix  = "arXiv",
      primaryClass   = "hep-ph",
      SLACcitation   = "%%CITATION = ARXIV:1102.4846;%%"
}

@article{Alboteanu:2008my,
      author         = "Alboteanu, Ana and Kilian, Wolfgang and Reuter, Juergen",
      title          = "{Resonances and Unitarity in Weak Boson Scattering at the
                        LHC}",
      journal        = "JHEP",
      volume         = "11",
      year           = "2008",
      pages          = "010",
      doi            = "10.1088/1126-6708/2008/11/010",
      eprint         = "0806.4145",
      archivePrefix  = "arXiv",
      primaryClass   = "hep-ph",
      reportNumber   = "SI-HEP-2008-11",
      SLACcitation   = "%%CITATION = ARXIV:0806.4145;%%"
}

@article{Kilian:2007gr,
      author         = "Kilian, Wolfgang and Ohl, Thorsten and Reuter, Jurgen",
      title          = "{WHIZARD: Simulating Multi-Particle Processes at LHC and
                        ILC}",
      journal        = "Eur. Phys. J.",
      volume         = "C71",
      year           = "2011",
      pages          = "1742",
      doi            = "10.1140/epjc/s10052-011-1742-y",
      eprint         = "0708.4233",
      archivePrefix  = "arXiv",
      primaryClass   = "hep-ph",
      reportNumber   = "DESY-11-126, EDINBURGH-2010-36, FR-PHENO-2010-037,
                        SI-HEP-2010-18",
      SLACcitation   = "%%CITATION = ARXIV:0708.4233;%%"
}

@article{Moretti:2001zz,
      author         = "Moretti, Mauro and Ohl, Thorsten and Reuter, Jurgen",
      title          = "{O'Mega: An Optimizing matrix element generator}",
      year           = "2001",
      pages          = "1981-2009",
      eprint         = "hep-ph/0102195",
      archivePrefix  = "arXiv",
      primaryClass   = "hep-ph",
      reportNumber   = "IKDA-2001-06, LC-TOOL-2001-040",
      SLACcitation   = "%%CITATION = HEP-PH/0102195;%%"
}

@article{Baglio:2014uba,
      author         = "Baglio, J. and others",
      title          = "{Release Note - VBFNLO 2.7.0}",
      year           = "2014",
      eprint         = "1404.3940",
      archivePrefix  = "arXiv",
      primaryClass   = "hep-ph",
      reportNumber   = "FTUV-14-2903, IFIC-14-26, KA-TP-10-2014, LPN14-062,
                        MAN-HEP-2014-03",
      SLACcitation   = "%%CITATION = ARXIV:1404.3940;%%"
}

@article{Arnold:2011wj,
      author         = "Arnold, K. and others",
      title          = "{VBFNLO: A Parton Level Monte Carlo for Processes with
                        Electroweak Bosons -- Manual for Version 2.5.0}",
      year           = "2011",
      eprint         = "1107.4038",
      archivePrefix  = "arXiv",
      primaryClass   = "hep-ph",
      reportNumber   = "KA-TP-15-2011, FTUV-11-0730, WUB-11-06,
                        FR-PHENO-2011-012, MZ-TH-11-19, CERN-PH-TH-2011-1,
                        LPN11-40, DESY-11-125, TTK-10-51, --MZ-TH-11-19,
                        CERN-PH-TH-2011-173, --MAN-HEP-2014-02",
      SLACcitation   = "%%CITATION = ARXIV:1107.4038;%%"
}

@article{Arnold:2008rz,
      author         = "Arnold, K. and others",
      title          = "{VBFNLO: A Parton level Monte Carlo for processes with
                        electroweak bosons}",
      journal        = "Comput. Phys. Commun.",
      volume         = "180",
      year           = "2009",
      pages          = "1661-1670",
      doi            = "10.1016/j.cpc.2009.03.006",
      eprint         = "0811.4559",
      archivePrefix  = "arXiv",
      primaryClass   = "hep-ph",
      reportNumber   = "KA-TP-31-2008, SFB-CPP-08-95",
      SLACcitation   = "%%CITATION = ARXIV:0811.4559;%%"
}

@article{Eboli:2006wa,
      author         = "Eboli, O. J. P. and Gonzalez-Garcia, M. C. and Mizukoshi,
                        J. K.",
      title          = "{p p ---> j j e+- mu+- nu nu and j j e+- mu-+ nu nu at O(
                        alpha(em)**6) and O(alpha(em)**4 alpha(s)**2) for the
                        study of the quartic electroweak gauge boson vertex at
                        CERN LHC}",
      journal        = "Phys. Rev.",
      volume         = "D74",
      year           = "2006",
      pages          = "073005",
      doi            = "10.1103/PhysRevD.74.073005",
      eprint         = "hep-ph/0606118",
      archivePrefix  = "arXiv",
      primaryClass   = "hep-ph",
      reportNumber   = "YITP-SB-06-10, IFUSP-1620-2006",
      SLACcitation   = "%%CITATION = HEP-PH/0606118;%%"
}

@article{Khachatryan:2016mud,
      author         = "Khachatryan, Vardan and others",
      title          = "{Evidence for exclusive gamma-gamma to W+ W- production
                        and constraints on anomalous quartic gauge couplings at
                        sqrt(s) = 7 and 8 TeV}",
      collaboration  = "CMS",
      year           = "2016",
      eprint         = "1604.04464",
      archivePrefix  = "arXiv",
      primaryClass   = "hep-ex",
      reportNumber   = "CMS-FSQ-13-008, CERN-EP-2016-073",
      SLACcitation   = "%%CITATION = ARXIV:1604.04464;%%"
}
@article{Khachatryan:2014sta,
      author         = "Khachatryan, Vardan and others",
      title          = "{Study of vector boson scattering and search for new
                        physics in events with two same-sign leptons and two
                        jets}",
      collaboration  = "CMS Collaboration",
      journal        = "Phys.Rev.Lett.",
      number         = "5",
      volume         = "114",
      pages          = "051801",
      doi            = "10.1103/PhysRevLett.114.051801",
      year           = "2015",
      eprint         = "1410.6315",
      archivePrefix  = "arXiv",
      primaryClass   = "hep-ex",
      reportNumber   = "CMS-SMP-13-015, CERN-PH-EP-2014-250",
      SLACcitation   = "%%CITATION = ARXIV:1410.6315;%%",
}

@article{Khachatryan:2015kea,
      author         = "Khachatryan, Vardan and others",
      title          = "{Measurement of the Zγ production cross section in pp
                        collisions at 8 TeV and search for anomalous triple gauge
                        boson couplings}",
      collaboration  = "CMS Collaboration",
      journal        = "JHEP",
      volume         = "1504",
      pages          = "164",
      doi            = "10.1007/JHEP04(2015)164",
      year           = "2015",
      eprint         = "1502.05664",
      archivePrefix  = "arXiv",
      primaryClass   = "hep-ex",
      reportNumber   = "CMS-SMP-13-014, CERN-PH-EP-2014-303",
      SLACcitation   = "%%CITATION = ARXIV:1502.05664;%%",
}

@article{Chatrchyan:2013tia,
      author         = "Chatrchyan, Serguei and others",
      title          = "{Measurement of the differential and double-differential
                        Drell-Yan cross sections in proton-proton collisions at
                        $\sqrt{s} =$ 7 TeV}",
      collaboration  = "CMS Collaboration",
      journal        = "JHEP",
      volume         = "1312",
      pages          = "030",
      doi            = "10.1007/JHEP12(2013)030",
      year           = "2013",
      eprint         = "1310.7291",
      archivePrefix  = "arXiv",
      primaryClass   = "hep-ex",
      reportNumber   = "CMS-SMP-13-003, CERN-PH-EP-2013-168",
      SLACcitation   = "%%CITATION = ARXIV:1310.7291;%%",
}

@article{Chatrchyan:2013mza,
      author         = "Chatrchyan, Serguei and others",
      title          = "{Measurement of the muon charge asymmetry in inclusive pp
                        $\to$ W + X production at $\sqrt{s}$=7 TeV and an improved
                        determination of light parton distribution functions}",
      collaboration  = "CMS Collaboration",
      year           = "2013",
      eprint         = "1312.6283",
      archivePrefix  = "arXiv",
      primaryClass   = "hep-ex",
      reportNumber   = "CMS-SMP-12-021, CERN-PH-EP-2013-232",
      SLACcitation   = "%%CITATION = ARXIV:1312.6283;%%",
}

@article{Chatrchyan:2012xt,
      author         = "Chatrchyan, Serguei and others",
      title          = "{Measurement of the electron charge asymmetry in
                        inclusive $W$ production in $pp$ collisions at
                        $\sqrt{s}=7$ TeV}",
      collaboration  = "CMS Collaboration",
      journal        = "Phys.Rev.Lett.",
      volume         = "109",
      pages          = "111806",
      doi            = "10.1103/PhysRevLett.109.111806",
      year           = "2012",
      eprint         = "1206.2598",
      archivePrefix  = "arXiv",
      primaryClass   = "hep-ex",
      reportNumber   = "CMS-SMP-12-001, CERN-PH-EP-2012-151",
      SLACcitation   = "%%CITATION = ARXIV:1206.2598;%%",
}

@article{Chatrchyan:2013uja,
      author         = "Chatrchyan, Serguei and others",
      title          = "{Measurement of associated W + charm production in pp
                        collisions at $\sqrt{s}$ = 7 TeV}",
      collaboration  = "CMS Collaboration",
      journal        = "JHEP",
      volume         = "1402",
      pages          = "013",
      doi            = "10.1007/JHEP02(2014)013",
      year           = "2014",
      eprint         = "1310.1138",
      archivePrefix  = "arXiv",
      primaryClass   = "hep-ex",
      reportNumber   = "CMS-SMP-12-002, CERN-PH-EP-2013-149",
      SLACcitation   = "%%CITATION = ARXIV:1310.1138;%%"
}


@article{CMS:2014xja,
      author         = "Khachatryan, Vardan and others",
      title          = "{Measurement of the $pp \to ZZ$ production cross section
                        and constraints on anomalous triple gauge couplings in
                        four-lepton final states at $\sqrt s=$8 TeV}",
      collaboration  = "CMS",
      journal        = "Phys. Lett.",
      volume         = "B740",
      year           = "2015",
      pages          = "250-272",
      doi            = "10.1016/j.physletb.2014.11.059",
      eprint         = "1406.0113",
      archivePrefix  = "arXiv",
      primaryClass   = "hep-ex",
      reportNumber   = "CMS-SMP-13-005, CERN-PH-EP-2014-080",
      SLACcitation   = "%%CITATION = ARXIV:1406.0113;%%"
}

@article{Chatrchyan:2012sga,
      author         = "Chatrchyan, Serguei and others",
      title          = "{Measurement of the $ZZ$ production cross section and
                        search for anomalous couplings in 2 l2l ' final states in
                        $pp$ collisions at $\sqrt{s}=7$ TeV}",
      collaboration  = "CMS Collaboration",
      journal        = "JHEP",
      volume         = "1301",
      pages          = "063",
      doi            = "10.1007/JHEP01(2013)063",
      year           = "2013",
      eprint         = "1211.4890",
      archivePrefix  = "arXiv",
      primaryClass   = "hep-ex",
      reportNumber   = "CMS-SMP-12-007, CERN-PH-EP-2012-336",
      SLACcitation   = "%%CITATION = ARXIV:1211.4890;%%",
}

@article{Chatrchyan:2013oev,
      author         = "Chatrchyan, Serguei and others",
      title          = "{Measurement of W+W- and ZZ production cross sections in
                        pp collisions at sqrt(s) = 8 TeV}",
      collaboration  = "CMS Collaboration",
      journal        = "Phys.Lett.",
      volume         = "B721",
      pages          = "190-211",
      doi            = "10.1016/j.physletb.2013.03.027",
      year           = "2013",
      eprint         = "1301.4698",
      archivePrefix  = "arXiv",
      primaryClass   = "hep-ex",
      reportNumber   = "CMS-SMP-12-024, CERN-PH-EP-2012-376",
      SLACcitation   = "%%CITATION = ARXIV:1301.4698;%%",
}

@article{Chatrchyan:2013yaa,
      author         = "Chatrchyan, Serguei and others",
      title          = "{Measurement of the $W^+W^-$ Cross section in $pp$
                        Collisions at $\sqrt{s} = 7$ TeV and Limits on Anomalous
                        $WW\gamma$ and $WWZ$ couplings}",
      collaboration  = "CMS Collaboration",
      journal        = "Eur.Phys.J.",
      volume         = "C73",
      pages          = "2610",
      doi            = "10.1140/epjc/s10052-013-2610-8",
      year           = "2013",
      eprint         = "1306.1126",
      archivePrefix  = "arXiv",
      primaryClass   = "hep-ex",
      reportNumber   = "CMS-SMP-12-005, CERN-PH-EP-2013-075",
      SLACcitation   = "%%CITATION = ARXIV:1306.1126;%%",
}

@article{Chatrchyan:2012bd,
      author         = "Chatrchyan, Serguei and others",
      title          = "{Measurement of the sum of $W W$ and $WZ$ production with
                        $W+$dijet events in $pp$ collisions at $\sqrt{s}=7$ TeV}",
      collaboration  = "CMS Collaboration",
      journal        = "Eur.Phys.J.",
      volume         = "C73",
      pages          = "2283",
      doi            = "10.1140/epjc/s10052-013-2283-3",
      year           = "2013",
      eprint         = "1210.7544",
      archivePrefix  = "arXiv",
      primaryClass   = "hep-ex",
      reportNumber   = "CMS-SMP-12-015, CERN-PH-EP-2012-311",
      SLACcitation   = "%%CITATION = ARXIV:1210.7544;%%",
}

@article{Chatrchyan:2014bza,
      author         = "Chatrchyan, Serguei and others",
      title          = "{A search for WW$\gamma$ and WZ$\gamma$ production and
                        constraints on anomalous quartic gauge couplings in pp
                        collisions at $\sqrt{s}$ = 8 TeV}",
      collaboration  = "CMS Collaboration",
      year           = "2014",
      eprint         = "1404.4619",
      archivePrefix  = "arXiv",
      primaryClass   = "hep-ex",
      reportNumber   = "CMS-SMP-13-009, CERN-PH-EP-2014-046",
      SLACcitation   = "%%CITATION = ARXIV:1404.4619;%%",
}

@article{Chatrchyan:2013fya,
      author         = "Chatrchyan, Serguei and others",
      title          = "{Measurement of the W gamma and Z gamma inclusive cross
                        sections in pp collisions at $\sqrt{s}$ = 7 TeV and limits
                        on anomalous triple gauge boson couplings}",
      collaboration  = "CMS Collaboration",
      journal        = "Phys.Rev.",
      volume         = "D89",
      pages          = "092005",
      doi            = "10.1103/PhysRevD.89.092005",
      year           = "2014",
      eprint         = "1308.6832",
      archivePrefix  = "arXiv",
      primaryClass   = "hep-ex",
      reportNumber   = "CMS-EWK-11-009, CERN-PH-EP-2013-108",
      SLACcitation   = "%%CITATION = ARXIV:1308.6832;%%",
}

@article{Chatrchyan:2013nda,
      author         = "Chatrchyan, Serguei and others",
      title          = "{Measurement of the production cross section for $Z\gamma
                        \to \nu\bar{\nu}\gamma$ in pp collisions at $\sqrt{s} =$ 7
                        TeV and limits on $ZZ\gamma$ and $Z\gamma\gamma$ triple
                        gauge boson couplings}",
      collaboration  = "CMS Collaboration",
      journal        = "JHEP",
      volume         = "1310",
      pages          = "164",
      doi            = "10.1007/JHEP10(2013)164",
      year           = "2013",
      eprint         = "1309.1117",
      archivePrefix  = "arXiv",
      primaryClass   = "hep-ex",
      reportNumber   = "CMS-SMP-12-020, CERN-PH-EP-2013-098",
      SLACcitation   = "%%CITATION = ARXIV:1309.1117;%%",
}

@article{Chatrchyan:2013foa,
      author         = "Chatrchyan, Serguei and others",
      title          = "{Study of exclusive two-photon production of $W^+W^-$ in
                        $pp$ collisions at $\sqrt{s} = 7$ TeV and constraints on
                        anomalous quartic gauge couplings}",
      collaboration  = "CMS Collaboration",
      journal        = "JHEP",
      volume         = "1307",
      pages          = "116",
      doi            = "10.1007/JHEP07(2013)116",
      year           = "2013",
      eprint         = "1305.5596",
      archivePrefix  = "arXiv",
      primaryClass   = "hep-ex",
      reportNumber   = "CMS-FSQ-12-010, CERN-PH-EP-2013-084",
      SLACcitation   = "%%CITATION = ARXIV:1305.5596;%%",
}

@article{Chatrchyan:2013jya,
      author         = "Chatrchyan, Serguei and others",
      title          = "{Measurement of the hadronic activity in events with a Z
                        and two jets and extraction of the cross section for the
                        electroweak production of a Z with two jets in pp
                        collisions at $\sqrt{s}$ = 7 TeV}",
      collaboration  = "CMS Collaboration",
      journal        = "JHEP",
      volume         = "1310",
      pages          = "062",
      doi            = "10.1007/JHEP10(2013)062",
      year           = "2013",
      eprint         = "1305.7389",
      archivePrefix  = "arXiv",
      primaryClass   = "hep-ex",
      reportNumber   = "CMS-FSQ-12-019, CERN-PH-EP-2013-060",
      SLACcitation   = "%%CITATION = ARXIV:1305.7389;%%",
}

@article{Khachatryan:2015pba,
      author         = "Khachatryan, Vardan and others",
      title          = "{Measurements of the ZZ production cross sections in the
                        $2\ell2\nu$ channel in proton-proton collisions at
                        $\sqrt{s}$ = 7 and 8 TeV and combined constraints on
                        triple gauge couplings}",
      collaboration  = "CMS Collaboration",
      year           = "2015",
      eprint         = "1503.05467",
      archivePrefix  = "arXiv",
      primaryClass   = "hep-ex",
      reportNumber   = "CMS-SMP-12-016, CERN-PH-EP-2015-029",
      SLACcitation   = "%%CITATION = ARXIV:1503.05467;%%",
}

@article{Chatrchyan:2014aqa,
      author         = "Chatrchyan, Serguei and others",
      title          = "{Measurement of WZ and ZZ production in pp collisions at
                        $\sqrt{s} = 8\,\text {TeV} $ in final states with b-tagged
                        jets}",
      collaboration  = "CMS Collaboration",
      journal        = "Eur.Phys.J.",
      number         = "8",
      volume         = "C74",
      pages          = "2973",
      doi            = "10.1140/epjc/s10052-014-2973-5",
      year           = "2014",
      eprint         = "1403.3047",
      archivePrefix  = "arXiv",
      primaryClass   = "hep-ex",
      reportNumber   = "CMS-SMP-13-011, CERN-PH-EP-2014-022",
      SLACcitation   = "%%CITATION = ARXIV:1403.3047;%%",
}


@article{CMS:2014jea,
      author         = "Khachatryan, V. and others",
      title          = "{Measurements of differential and double-differential
                        Drell-Yan cross sections in proton-proton collisions at 8
                        TeV}",
      collaboration  = "CMS Collaboration",
      journal        = "Eur.Phys.J.",
      number         = "4",
      volume         = "C75",
      pages          = "147",
      doi            = "10.1140/epjc/s10052-015-3364-2",
      year           = "2015",
      eprint         = "1412.1115",
      archivePrefix  = "arXiv",
      primaryClass   = "hep-ex",
      reportNumber   = "CMS-SMP-14-003, CERN-PH-EP-2014-289",
      SLACcitation   = "%%CITATION = ARXIV:1412.1115;%%",
}

@article{Khachatryan:2015paa,
      author         = "Khachatryan, Vardan and others",
      title          = "{Angular coefficients of $Z$ bosons produced in $pp$
                        collisions at 8 TeV and decaying to $\mu^+\mu^-$ as a
                        function of transverse momentum and rapidity}",
      collaboration  = "CMS Collaboration",
      year           = "2015",
      eprint         = "1504.03512",
      archivePrefix  = "arXiv",
      primaryClass   = "hep-ex",
      reportNumber   = "CMS-SMP-13-010, CERN-PH-EP-2015-046",
      SLACcitation   = "%%CITATION = ARXIV:1504.03512;%%",
}

@article{Khachatryan:2015oaa,
      author         = "Khachatryan, Vardan and others",
      title          = "{Measurement of the Z boson differential cross section in
                        transverse momentum and rapidity in proton-proton
                        collisions at 8 TeV}",
      collaboration  = "CMS Collaboration",
      year           = "2015",
      eprint         = "1504.03511",
      archivePrefix  = "arXiv",
      primaryClass   = "hep-ex",
      reportNumber   = "CMS-SMP-13-013, CERN-PH-EP-2015-059",
      SLACcitation   = "%%CITATION = ARXIV:1504.03511;%%",
}

@article{Chatrchyan:2011ya,
      author         = "Chatrchyan, Serguei and others",
      title          = "{Measurement of the weak mixing angle with the Drell-Yan
                        process in proton-proton collisions at the LHC}",
      collaboration  = "CMS Collaboration",
      journal        = "Phys.Rev.",
      volume         = "D84",
      pages          = "112002",
      doi            = "10.1103/PhysRevD.84.112002",
      year           = "2011",
      eprint         = "1110.2682",
      archivePrefix  = "arXiv",
      primaryClass   = "hep-ex",
      reportNumber   = "CMS-EWK-11-003, CERN-PH-EP-2011-159",
      SLACcitation   = "%%CITATION = ARXIV:1110.2682;%%",
}

@article{Chatrchyan:2012dc,
      author         = "Chatrchyan, Serguei and others",
      title          = "{Forward-backward asymmetry of Drell-Yan lepton pairs in
                        $pp$ collisions at $\sqrt{s} = 7$ TeV}",
      collaboration  = "CMS Collaboration",
      journal        = "Phys.Lett.",
      volume         = "B718",
      pages          = "752-772",
      doi            = "10.1016/j.physletb.2012.10.082",
      year           = "2013",
      eprint         = "1207.3973",
      archivePrefix  = "arXiv",
      primaryClass   = "hep-ex",
      reportNumber   = "CMS-EWK-11-004, CERN-PH-EP-2012-187",
      SLACcitation   = "%%CITATION = ARXIV:1207.3973;%%",
}

@article{Khachatryan:2014dea,
      author         = "Khachatryan, Vardan and others",
      title          = "{Measurement of electroweak production of two jets in
                        association with a Z boson in proton-proton collisions at
                        $\sqrt{s}=8\,\text {TeV}$}",
      collaboration  = "CMS Collaboration",
      journal        = "Eur.Phys.J.",
      number         = "2",
      volume         = "C75",
      pages          = "66",
      doi            = "10.1140/epjc/s10052-014-3232-5",
      year           = "2015",
      eprint         = "1410.3153",
      archivePrefix  = "arXiv",
      primaryClass   = "hep-ex",
      reportNumber   = "CMS-FSQ-12-035, CERN-PH-EP-2014-234",
      SLACcitation   = "%%CITATION = ARXIV:1410.3153;%%",
}

@article{Alves:2008zz,
      author         = "Alves, A. Augusto, Jr. and others",
      title          = "{The LHCb Detector at the LHC}",
      collaboration  = "LHCb Collaboration",
      journal        = "JINST",
      volume         = "3",
      pages          = "S08005",
      doi            = "10.1088/1748-0221/3/08/S08005",
      year           = "2008",
      SLACcitation   = "%%CITATION = JINST,3,S08005;%%",
}


@article{Abazov:2005pn,
      author         = "Abazov, V.M. and others",
      title          = "{The Upgraded D0 detector}",
      collaboration  = "D0 Collaboration",
      journal        = "Nucl.Instrum.Meth.",
      volume         = "A565",
      pages          = "463-537",
      doi            = "10.1016/j.nima.2006.05.248",
      year           = "2006",
      eprint         = "physics/0507191",
      archivePrefix  = "arXiv",
      primaryClass   = "physics.ins-det",
      reportNumber   = "FERMILAB-PUB-05-341-E",
      SLACcitation   = "%%CITATION = PHYSICS/0507191;%%",
}

@article{Abulencia:2005ix,
      author         = "Abulencia, A. and others",
      title          = "{Measurements of inclusive W and Z cross sections in p
                        anti-p collisions at s**(1/2) = 1.96-TeV}",
      collaboration  = "CDF Collaboration",
      journal        = "J.Phys.",
      volume         = "G34",
      pages          = "2457-2544",
      doi            = "10.1088/0954-3899/34/12/001",
      year           = "2007",
      eprint         = "hep-ex/0508029",
      archivePrefix  = "arXiv",
      primaryClass   = "hep-ex",
      reportNumber   = "FERMILAB-PUB-05-360-E",
      SLACcitation   = "%%CITATION = HEP-EX/0508029;%%",
}

@article{Aad:2008zzm,
      author         = "Aad, G. and others",
      title          = "{The ATLAS Experiment at the CERN Large Hadron Collider}",
      collaboration  = "ATLAS Collaboration",
      journal        = "JINST",
      volume         = "3",
      pages          = "S08003",
      doi            = "10.1088/1748-0221/3/08/S08003",
      year           = "2008",
      SLACcitation   = "%%CITATION = JINST,3,S08003;%%",
}

@techreport{ATLAS-CONF-2014-033,
      title         = "{Measurement of the $W^+W^-$ production cross section in
                       proton-proton collisions at $\sqrt{s} =8$ TeV with the
                       ATLAS detector}",
      institution   = "CERN",
      address       = "Geneva",
      number        = "ATLAS-CONF-2014-033",
      month         = "Jul",
      year          = "2014",
}

@article{Aad:2013iua,
      author         = "Aad, Georges and others",
      title          = "{Measurement of the high-mass Drell--Yan differential
                        cross-section in pp collisions at sqrt(s)=7 TeV with the
                        ATLAS detector}",
      collaboration  = "ATLAS Collaboration",
      journal        = "Phys.Lett.",
      volume         = "B725",
      pages          = "223-242",
      doi            = "10.1016/j.physletb.2013.07.049",
      year           = "2013",
      eprint         = "1305.4192",
      archivePrefix  = "arXiv",
      primaryClass   = "hep-ex",
      reportNumber   = "CERN-PH-EP-2013-064",
      SLACcitation   = "%%CITATION = ARXIV:1305.4192;%%",
}

@article{Aad:2014qja,
      author         = "Aad, Georges and others",
      title          = "{Measurement of the low-mass Drell-Yan differential cross
                        section at $\sqrt{s}$ = 7 TeV using the ATLAS detector}",
      collaboration  = "ATLAS Collaboration",
      journal        = "JHEP",
      volume         = "1406",
      pages          = "112",
      doi            = "10.1007/JHEP06(2014)112",
      year           = "2014",
      eprint         = "1404.1212",
      archivePrefix  = "arXiv",
      primaryClass   = "hep-ex",
      reportNumber   = "CERN-PH-EP-2014-020",
      SLACcitation   = "%%CITATION = ARXIV:1404.1212;%%",
}

@article{Aad:2014xaa,
      author         = "Aad, Georges and others",
      title          = "{Measurement of the $Z/\gamma^*$ boson transverse
                        momentum distribution in $pp$ collisions at $\sqrt{s}$ = 7
                        TeV with the ATLAS detector}",
      collaboration  = "ATLAS Collaboration",
      year           = "2014",
      eprint         = "1406.3660",
      archivePrefix  = "arXiv",
      primaryClass   = "hep-ex",
      reportNumber   = "CERN-PH-EP-2014-075",
      SLACcitation   = "%%CITATION = ARXIV:1406.3660;%%",
}

@article{Aad:2012wfa,
      author         = "Aad, Georges and others",
      title          = "{Measurement of angular correlations in Drell-Yan lepton
                        pairs to probe Z/gamma* boson transverse momentum at
                        sqrt(s)=7 TeV with the ATLAS detector}",
      collaboration  = "ATLAS Collaboration",
      journal        = "Phys.Lett.",
      volume         = "B720",
      pages          = "32-51",
      doi            = "10.1016/j.physletb.2013.01.054",
      year           = "2013",
      eprint         = "1211.6899",
      archivePrefix  = "arXiv",
      primaryClass   = "hep-ex",
      reportNumber   = "CERN-PH-EP-2012-325",
      SLACcitation   = "%%CITATION = ARXIV:1211.6899;%%",
}

@article{Aad:2015uau,
      author         = "Aad, Georges and others",
      title          = "{Measurement of the forward-backward asymmetry of
                        electron and muon pair-production in $pp$ collisions at
                        $\sqrt{s}$ = 7 TeV with the ATLAS detector}",
      collaboration  = "ATLAS Collaboration",
      year           = "2015",
      eprint         = "1503.03709",
      archivePrefix  = "arXiv",
      primaryClass   = "hep-ex",
      reportNumber   = "CERN-PH-EP-2014-259",
      SLACcitation   = "%%CITATION = ARXIV:1503.03709;%%",
}

@article{Aad:2014zda,
      author         = "Aad, Georges and others",
      title          = "{Evidence for Electroweak Production of
                        $W^{\pm}W^{\pm}jj$ in $pp$ Collisions at $\sqrt{s}=8$ TeV
                        with the ATLAS Detector}",
      collaboration  = "ATLAS Collaboration",
      journal        = "Phys.Rev.Lett.",
      number         = "14",
      volume         = "113",
      pages          = "141803",
      doi            = "10.1103/PhysRevLett.113.141803",
      year           = "2014",
      eprint         = "1405.6241",
      archivePrefix  = "arXiv",
      primaryClass   = "hep-ex",
      reportNumber   = "CERN-PH-EP-2014-079",
      SLACcitation   = "%%CITATION = ARXIV:1405.6241;%%",
}

@article{Aad:2014dta,
      author         = "Aad, Georges and others",
      title          = "{Measurement of the electroweak production of dijets in
                        association with a Z-boson and distributions sensitive to
                        vector boson fusion in proton-proton collisions at
                        $\sqrt{s} =$ 8 TeV using the ATLAS detector}",
      collaboration  = "ATLAS Collaboration",
      journal        = "JHEP",
      volume         = "1404",
      pages          = "031",
      doi            = "10.1007/JHEP04(2014)031",
      year           = "2014",
      eprint         = "1401.7610",
      archivePrefix  = "arXiv",
      primaryClass   = "hep-ex",
      reportNumber   = "CERN-PH-EP-2013-227",
      SLACcitation   = "%%CITATION = ARXIV:1401.7610;%%",
}

@article{Aad:2013izg,
      author         = "Aad, Georges and others",
      title          = "{Measurements of Wγ and Zγ production in pp collisions
                        at $\sqrt{s}$=7  TeV with the ATLAS detector at the
                        LHC}",
      collaboration  = "ATLAS Collaboration",
      journal        = "Phys.Rev.",
      number         = "11",
      volume         = "D87",
      pages          = "112003",
      doi            = "10.1103/PhysRevD.87.112003",
      year           = "2013",
      eprint         = "1302.1283",
      archivePrefix  = "arXiv",
      primaryClass   = "hep-ex",
      reportNumber   = "CERN-PH-EP-2012-345",
      SLACcitation   = "%%CITATION = ARXIV:1302.1283;%%",
}

@article{ATLAS:2012mec,
      author         = "Aad, Georges and others",
      title          = "{Measurement of $W^+W^-$ production in pp collisions at
                        $\sqrt{s}$=7  TeV with the ATLAS detector and limits
                        on anomalous WWZ and WWγ couplings}",
      collaboration  = "ATLAS Collaboration",
      journal        = "Phys.Rev.",
      number         = "11",
      volume         = "D87",
      pages          = "112001",
      doi            = "10.1103/PhysRevD.87.112001, 10.1103/PhysRevD.88.079906",
      year           = "2013",
      eprint         = "1210.2979",
      archivePrefix  = "arXiv",
      primaryClass   = "hep-ex",
      reportNumber   = "CERN-PH-EP-2012-242",
      SLACcitation   = "%%CITATION = ARXIV:1210.2979;%%",
}

@article{Aad:2015uqa,
      author         = "Aad, Georges and others",
      title          = "{Evidence of $W\gamma\gamma$ production in $pp$
                        collisions at $\sqrt{s}=8$ TeV and limits on anomalous
                        quartic gauge couplings with the ATLAS detector}",
      collaboration  = "ATLAS Collaboration",
      year           = "2015",
      eprint         = "1503.03243",
      archivePrefix  = "arXiv",
      primaryClass   = "hep-ex",
      reportNumber   = "CERN-PH-EP-2015-009",
      SLACcitation   = "%%CITATION = ARXIV:1503.03243;%%",
}

@article{Aad:2014mda,
      author         = "Aad, Georges and others",
      title          = "{Measurement of the $WW+WZ$ cross section and limits on
                        anomalous triple gauge couplings using final states with
                        one lepton, missing transverse momentum, and two jets with
                        the ATLAS detector at $\sqrt{\rm{s}} = 7$ TeV}",
      collaboration  = "ATLAS Collaboration",
      journal        = "JHEP",
      volume         = "1501",
      pages          = "049",
      doi            = "10.1007/JHEP01(2015)049",
      year           = "2015",
      eprint         = "1410.7238",
      archivePrefix  = "arXiv",
      primaryClass   = "hep-ex",
      reportNumber   = "CERN-PH-EP-2014-244",
      SLACcitation   = "%%CITATION = ARXIV:1410.7238;%%",
}

@article{Aad:2014jra,
      author         = "Aad, Georges and others",
      title          = "{Simultaneous measurements of the $t\bar{t}$, $W^+W^-$,
                        and $Z/\gamma^{*}\rightarrow\tau\tau$ production
                        cross-sections in $pp$ collisions at $\sqrt{s} = 7$ TeV
                        with the ATLAS detector}",
      collaboration  = "ATLAS Collaboration",
      journal        = "Phys.Rev.",
      number         = "5",
      volume         = "D91",
      pages          = "052005",
      doi            = "10.1103/PhysRevD.91.052005",
      year           = "2015",
      eprint         = "1407.0573",
      archivePrefix  = "arXiv",
      primaryClass   = "hep-ex",
      reportNumber   = "CERN-PH-EP-2014-119",
      SLACcitation   = "%%CITATION = ARXIV:1407.0573;%%",
}

@article{PhysRevD.88.079906,
  title = {Erratum: Measurement of ${W}^{\mathbf{+}}{W}^{\mathbf{-}}$ production in $pp$ collisions at $\sqrt{s}=7\mathrm{TeV}$ with the ATLAS detector and limits on anomalous $WWZ$ and $WW\gamma$ couplings [Phys. Rev. D 87, 112001 (2013)]},
  author = {Aad, G.},
  collaboration = {ATLAS Collaboration},
  journal = {Phys. Rev. D},
  volume = {88},
  issue = {7},
  pages = {079906},
  numpages = {1},
  year = {2013},
  month = {Oct},
  publisher = {American Physical Society},
  doi = {10.1103/PhysRevD.88.079906},
  url = {http://link.aps.org/doi/10.1103/PhysRevD.88.079906}
}

@article{Aad:2012twa,
      author         = "Aad, Georges and others",
      title          = "{Measurement of $WZ$ production in proton-proton
                        collisions at $\sqrt{s}=7$ TeV with the ATLAS detector}",
      collaboration  = "ATLAS Collaboration",
      journal        = "Eur.Phys.J.",
      volume         = "C72",
      pages          = "2173",
      doi            = "10.1140/epjc/s10052-012-2173-0",
      year           = "2012",
      eprint         = "1208.1390",
      archivePrefix  = "arXiv",
      primaryClass   = "hep-ex",
      reportNumber   = "CERN-PH-EP-2012-179",
      SLACcitation   = "%%CITATION = ARXIV:1208.1390;%%",
}

@article{Aad:2012awa,
      author         = "Aad, Georges and others",
      title          = "{Measurement of $ZZ$ production in $pp$ collisions at
                        $\sqrt{s}=7$ TeV and limits on anomalous $ZZZ$ and
                        $ZZ\gamma$ couplings with the ATLAS detector}",
      collaboration  = "ATLAS Collaboration",
      journal        = "JHEP",
      volume         = "1303",
      pages          = "128",
      doi            = "10.1007/JHEP03(2013)128",
      year           = "2013",
      eprint         = "1211.6096",
      archivePrefix  = "arXiv",
      primaryClass   = "hep-ex",
      reportNumber   = "CERN-PH-EP-2012-318",
      SLACcitation   = "%%CITATION = ARXIV:1211.6096;%%",
}

@article{Aaltonen:2014loa,
      author         = "Aaltonen, Timo Antero and others",
      title          = "{Indirect measurement of $\sin^2 \theta_W$ (or $M_W$)
                        using $\mu^+\mu^-$ pairs from $\gamma^*/Z$ bosons produced
                        in $p\bar{p}$ collisions at a center-of-momentum energy of
                        1.96 TeV}",
      collaboration  = "CDF Collaboration",
      journal        = "Phys.Rev.",
      volume         = "D89",
      pages          = "072005",
      doi            = "10.1103/PhysRevD.89.072005",
      year           = "2014",
      eprint         = "1402.2239",
      archivePrefix  = "arXiv",
      primaryClass   = "hep-ex",
      reportNumber   = "FERMILAB-PUB-14-021-E",
      SLACcitation   = "%%CITATION = ARXIV:1402.2239;%%",
}

@article{Aaltonen:2013wcp,
      author         = "Aaltonen, T. and others",
      title          = "{Indirect measurement of $\sin^2\theta_W$ $(M_W)$ using
                        $e^+e^-$ pairs in the Z-boson region with $p\bar{p}$
                        collisions at a center-of-momentum energy of 1.96 TeV}",
      collaboration  = "CDF Collaboration",
      journal        = "Phys.Rev.",
      number         = "7",
      volume         = "D88",
      pages          = "072002",
      doi            = "10.1103/PhysRevD.88.072002, 10.1103/PhysRevD.88.079905",
      year           = "2013",
      eprint         = "1307.0770",
      archivePrefix  = "arXiv",
      primaryClass   = "hep-ex",
      reportNumber   = "FERMILAB-PUB-13-277-E",
      SLACcitation   = "%%CITATION = ARXIV:1307.0770;%%",
}

@article{Aaltonen:2013vwa,
      author         = "Aaltonen, Timo Antero and others",
      title          = "{A precise measurement of the $W$-boson mass with the
                        Collider Detector at Fermilab}",
      collaboration  = "CDF Collaboration",
      journal        = "Phys.Rev.",
      volume         = "D89",
      pages          = "072003",
      doi            = "10.1103/PhysRevD.89.072003",
      year           = "2014",
      eprint         = "1311.0894",
      archivePrefix  = "arXiv",
      primaryClass   = "hep-ex",
      reportNumber   = "FERMILAB-PUB-13-515-E",
      SLACcitation   = "%%CITATION = ARXIV:1311.0894;%%",
}

@article{Aaltonen:2012bp,
      author         = "Aaltonen, T. and others",
      title          = "{Precise measurement of the $W$-boson mass with the CDF
                        II detector}",
      collaboration  = "CDF Collaboration",
      journal        = "Phys.Rev.Lett.",
      volume         = "108",
      pages          = "151803",
      doi            = "10.1103/PhysRevLett.108.151803",
      year           = "2012",
      eprint         = "1203.0275",
      archivePrefix  = "arXiv",
      primaryClass   = "hep-ex",
      reportNumber   = "FERMILAB-PUB-12-061-E",
      SLACcitation   = "%%CITATION = ARXIV:1203.0275;%%",
}

@article{Abazov:2013dsa,
      author         = "Abazov, Victor Mukhamedovich and others",
      title          = "{Measurement of the $W$ Boson Production
                        Charge Asymmetry in $p\bar{p}\rightarrow W+X
                        \rightarrow e\nu +X$ Events at
                        $\sqrt{s}=1.96$~TeV}",
      collaboration  = "D0 Collaboration",
      journal        = "Phys.Rev.Lett.",
      volume         = "112",
      pages          = "151803",
      doi            = "10.1103/PhysRevLett.112.151803",
      year           = "2014",
      eprint         = "1312.2895",
      archivePrefix  = "arXiv",
      primaryClass   = "hep-ex",
      reportNumber   = "FERMILAB-PUB-13-567-E",
      SLACcitation   = "%%CITATION = ARXIV:1312.2895;%%",
}

@article{Abazov:2013rja,
      author         = "Abazov, Victor Mukhamedovich and others",
      title          = "{Measurement of the muon charge asymmetry in $p\bar{p}$
                        $\to$ W+X $\to$ $\mu$$\nu$ + X events at
                        $\sqrt{s}$=1.96  TeV}",
      collaboration  = "D0 Collaboration",
      journal        = "Phys.Rev.",
      volume         = "D88",
      pages          = "091102",
      doi            = "10.1103/PhysRevD.88.091102",
      year           = "2013",
      eprint         = "1309.2591",
      archivePrefix  = "arXiv",
      primaryClass   = "hep-ex",
      reportNumber   = "FERMILAB-PUB-13-361-E",
      SLACcitation   = "%%CITATION = ARXIV:1309.2591;%%",
}

@article{D0:2013jba,
      author         = "Abazov, Victor Mukhamedovich and others",
      title          = "{Measurement of the $W$ boson mass with the D0 detector}",
      collaboration  = "D0 Collaboration",
      journal        = "Phys.Rev.",
      number         = "1",
      volume         = "D89",
      pages          = "012005",
      doi            = "10.1103/PhysRevD.89.012005",
      year           = "2014",
      eprint         = "1310.8628",
      archivePrefix  = "arXiv",
      primaryClass   = "hep-ex",
      reportNumber   = "FERMILAB-PUB-13-489-E",
      SLACcitation   = "%%CITATION = ARXIV:1310.8628;%%",
}

@article{Abazov:2012bv,
      author         = "Abazov, Victor Mukhamedovich and others",
      title          = "{Measurement of the W Boson Mass with the D0 Detector}",
      collaboration  = "D0 Collaboration",
      journal        = "Phys.Rev.Lett.",
      volume         = "108",
      pages          = "151804",
      doi            = "10.1103/PhysRevLett.108.151804",
      year           = "2012",
      eprint         = "1203.0293",
      archivePrefix  = "arXiv",
      primaryClass   = "hep-ex",
      reportNumber   = "FERMILAB-PUB-12-056-PPD",
      SLACcitation   = "%%CITATION = ARXIV:1203.0293;%%",
}

@article{Aaltonen:2013iut,
      author         = "Aaltonen, Timo Antero and others",
      title          = "{Combination of CDF and D0 $W$-Boson Mass Measurements}",
      collaboration  = "CDF Collaboration, D0 Collaboration",
      journal        = "Phys.Rev.",
      number         = "5",
      volume         = "D88",
      pages          = "052018",
      doi            = "10.1103/PhysRevD.88.052018",
      year           = "2013",
      eprint         = "1307.7627",
      archivePrefix  = "arXiv",
      primaryClass   = "hep-ex",
      reportNumber   = "FERMILAB-PUB-13-289-E",
      SLACcitation   = "%%CITATION = ARXIV:1307.7627;%%",
}

@article{Baak:2013fwa,
      author         = "Baak, M. and Blondel, A. and Bodek, A. and Caputo, R. and
                        Corbett, T. and others",
      title          = "{Working Group Report: Precision Study of Electroweak
                        Interactions}",
      year           = "2013",
      eprint         = "1310.6708",
      archivePrefix  = "arXiv",
      primaryClass   = "hep-ph",
      SLACcitation   = "%%CITATION = ARXIV:1310.6708;%%",
}

@article{Bozzi:2011ww,
      author         = "Bozzi, G. and Rojo, J. and Vicini, A.",
      title          = "{The Impact of PDF uncertainties on the measurement of
                        the W boson mass at the Tevatron and the LHC}",
      journal        = "Phys.Rev.",
      volume         = "D83",
      pages          = "113008",
      doi            = "10.1103/PhysRevD.83.113008",
      year           = "2011",
      eprint         = "1104.2056",
      archivePrefix  = "arXiv",
      primaryClass   = "hep-ph",
      reportNumber   = "IFUM-961-FT",
      SLACcitation   = "%%CITATION = ARXIV:1104.2056;%%",
}

%URL of summary plots
@online{aTGCplots,
  author = {Herndon, Matthew},
  title = {Limits on anomalous triple and quartic gauge couplings},
  year = 2015,
  url = {https://twiki.cern.ch/twiki/bin/view/CMSPublic/PhysicsResultsSMPaTGC},
  urldate = {2015-08-31},
}

%URL of LEP summary
%author = {LEP Electroweak Gauge-Couplings Group},
%  url = {http://lepewwg.web.cern.ch/LEPEWWG/lepww/tgc/summer02/gc_main.ps},
@online{LEP-comb-2002,
  author = "{LEP Electroweak Gauge-Couplings Group}",
  title = {A Combination of Preliminary Results on Gauge Boson Couplings Measured by the LEP Experiments},
  year = 2002,
  url = {http://lepewwg.web.cern.ch/lepww/tgc/summer02},
  urldate = {2015-08-31}
}

% LEP Parametrisation of TGC
@inproceedings{Gounaris:1996rz,
      author         = "Gounaris, G. and others",
      title          = "{Triple gauge boson couplings}",
      booktitle      = "{AGS / RHIC Users Annual Meeting Upton, New York, June
                        15-16, 1995}",
      url            = "http://alice.cern.ch/format/showfull?sysnb=0215385",
      year           = "1996",
      eprint         = "hep-ph/9601233",
      archivePrefix  = "arXiv",
      primaryClass   = "hep-ph",
      SLACcitation   = "%%CITATION = HEP-PH/9601233;%%"
}

% HISZ Parametrisation of TGC (LEP CONSTR.)
@article{PhysRevD.48.2182,
  title = {Low energy effects of new interactions in the electroweak boson sector},
  author = {Hagiwara, K. and Ishihara, S. and Szalapski, R. and Zeppenfeld, D.},
  journal = {Phys. Rev. D},
  volume = {48},
  issue = {5},
  pages = {2182--2203},
  numpages = {0},
  year = {1993},
  month = {Sep},
  publisher = {American Physical Society},
  doi = {10.1103/PhysRevD.48.2182},
  url = {http://link.aps.org/doi/10.1103/PhysRevD.48.2182}
}
% HISZ Parametrisation of TGC (LEP CONSTR. + HISZ)
@article{HAGIWARA1992353,
title = "Low-energy constraints on electroweak three gauge boson couplings",
journal = "Physics Letters B",
volume = "283",
number = "3",
pages = "353 - 359",
year = "1992",
note = "",
issn = "0370-2693",
doi = "http://dx.doi.org/10.1016/0370-2693(92)90031-X",
url = "http://www.sciencedirect.com/science/article/pii/037026939290031X",
author = "K. Hagiwara and S. Ishihara and R. Szalapski and D. Zeppenfeld"
}

@article{Khachatryan:2016yro,
      author         = "Khachatryan, Vardan and others",
      title          = "{Measurement of the $ \mathrm{ Z } \gamma \rightarrow \nu
                        \bar{\nu} \gamma$ production cross section in pp
                        collisions at $\sqrt{s}=$ 8 TeV and limits on anomalous $
                        \mathrm{ ZZ } \gamma$ and $ \mathrm{Z} \gamma \gamma$
                        trilinear gauge boson couplings}",
      collaboration  = "CMS",
      year           = "2016",
      eprint         = "1602.07152",
      archivePrefix  = "arXiv",
      primaryClass   = "hep-ex",
      reportNumber   = "CMS-SMP-14-019, CERN-EP-2016-007,
                        FERMILAB-PUB-16-054-CMS",
      SLACcitation   = "%%CITATION = ARXIV:1602.07152;%%"
}

@article{Aad:2015zqe,
      author         = "Aad, Georges and others",
      title          = "{Measurement of the $ZZ$ Production Cross Section in $pp$
                        Collisions at $\sqrt{s}$ = 13 TeV with the ATLAS
                        Detector}",
      collaboration  = "ATLAS",
      journal        = "Phys. Rev. Lett.",
      volume         = "116",
      year           = "2016",
      number         = "10",
      pages          = "101801",
      doi            = "10.1103/PhysRevLett.116.101801",
      eprint         = "1512.05314",
      archivePrefix  = "arXiv",
      primaryClass   = "hep-ex",
      reportNumber   = "CERN-PH-EP-2015-318",
      SLACcitation   = "%%CITATION = ARXIV:1512.05314;%%"
}


%HIGGS
@article{Chatrchyan201230,
title = "Observation of a new boson at a mass of 125 GeV with the \{CMS\} experiment at the \{LHC\} ",
journal = "Physics Letters B ",
volume = "716",
number = "1",
pages = "30 - 61",
year = "2012",
note = "",
issn = "0370-2693",
doi = "http://dx.doi.org/10.1016/j.physletb.2012.08.021",
url = "http://www.sciencedirect.com/science/article/pii/S0370269312008581",
author    = "S. Chatrchyan and others",
}

@article{Aad20121,
title = "Observation of a new particle in the search for the Standard Model Higgs boson with the \{ATLAS\} detector at the \{LHC\} ",
journal = "Physics Letters B ",
volume = "716",
number = "1",
pages = "1 - 29",
year = "2012",
note = "",
issn = "0370-2693",
doi = "http://dx.doi.org/10.1016/j.physletb.2012.08.020",
url = "http://www.sciencedirect.com/science/article/pii/S037026931200857X",
author = "G. Aad and others"
}

%ATLAS Zgam(gam) 8TeV 2016
@article{Aad:2016sau,
      author         = "Aad, Georges and others",
      title          = "{Measurements of $Z\gamma$ and $Z\gamma\gamma$ production
                        in $pp$ collisions at $\sqrt{s}=$ 8 TeV with the ATLAS
                        detector}",
      journal        = "Phys. Rev. D",
      collaboration  = "ATLAS",
      year           = "2016",
      eprint         = "1604.05232",
      archivePrefix  = "arXiv",
      primaryClass   = "hep-ex",
      reportNumber   = "CERN-EP-2016-049",
      SLACcitation   = "%%CITATION = ARXIV:1604.05232;%%"
}


%ATLAS WZ 8TeV 2016
% accepted by PRD
@article{Aad:2016ett,
      author         = "Aad, Georges and others",
      title          = "{Measurements of $W^\pm Z$ production cross sections in
                        $pp$ collisions at $\sqrt{s} = 8$ TeV with the ATLAS
                        detector and limits on anomalous gauge boson
                        self-couplings}",
      collaboration  = "ATLAS",
      year           = "2016",
      eprint         = "1603.02151",
      archivePrefix  = "arXiv",
      primaryClass   = "hep-ex",
      reportNumber   = "CERN-EP-2016-017",
      SLACcitation   = "%%CITATION = ARXIV:1603.02151;%%"
}


@article{Collins:1977iv,
      author         = "Collins, John C. and Soper, Davison E.",
      title          = "{Angular Distribution of Dileptons in High-Energy Hadron
                        Collisions}",
      journal        = "Phys. Rev.",
      volume         = "D16",
      year           = "1977",
      pages          = "2219",
      doi            = "10.1103/PhysRevD.16.2219",
      reportNumber   = "Print-77-0288 (PRINCETON)",
      SLACcitation   = "%%CITATION = PHRVA,D16,2219;%%"
}

@article{Alves:2008zz,
      author         = "Alves, Jr., A. Augusto and others",
      title          = "{The LHCb Detector at the LHC}",
      collaboration  = "LHCb",
      journal        = "JINST",
      volume         = "3",
      year           = "2008",
      pages          = "S08005",
      doi            = "10.1088/1748-0221/3/08/S08005",
      SLACcitation   = "%%CITATION = JINST,3,S08005;%%"
}


@article{Aaij:2015lka,
      author         = "Aaij, Roel and others",
      title          = "{Measurement of the forward-backward asymmetry in
                        $Z/\gamma^{\ast} \rightarrow \mu^{+}\mu^{-}$ decays and
                        determination of the effective weak mixing angle}",
      collaboration  = "LHCb",
      journal        = "JHEP",
      volume         = "11",
      year           = "2015",
      pages          = "190",
      doi            = "10.1007/JHEP11(2015)190",
      eprint         = "1509.07645",
      archivePrefix  = "arXiv",
      primaryClass   = "hep-ex",
      reportNumber   = "LHCB-PAPER-2015-039, CERN-PH-EP-2015-250",
      SLACcitation   = "%%CITATION = ARXIV:1509.07645;%%"
}

@article{Aaij:2014jba,
      author         = "Aaij, Roel and others",
      title          = "{LHCb Detector Performance}",
      collaboration  = "LHCb",
      journal        = "Int. J. Mod. Phys.",
      volume         = "A30",
      year           = "2015",
      number         = "07",
      pages          = "1530022",
      doi            = "10.1142/S0217751X15300227",
      eprint         = "1412.6352",
      archivePrefix  = "arXiv",
      primaryClass   = "hep-ex",
      reportNumber   = "LHCB-DP-2014-002, CERN-PH-EP-2014-290",
      SLACcitation   = "%%CITATION = ARXIV:1412.6352;%%"
}

@article{ALEPH:2005ab,
      author         = "Schael, S. and others",
      title          = "{Precision electroweak measurements on the $Z$
                        resonance}",
      collaboration  = "SLD Electroweak Group, DELPHI, ALEPH, SLD, SLD Heavy
                        Flavour Group, OPAL, LEP Electroweak Working Group, L3",
      journal        = "Phys. Rept.",
      volume         = "427",
      year           = "2006",
      pages          = "257-454",
      doi            = "10.1016/j.physrep.2005.12.006",
      eprint         = "hep-ex/0509008",
      archivePrefix  = "arXiv",
      primaryClass   = "hep-ex",
      reportNumber   = "SLAC-R-774",
      SLACcitation   = "%%CITATION = HEP-EX/0509008;%%"
}

@article{Baak:2014ora,
      author         = "Baak, M. and Cúth, J. and Haller, J. and Hoecker, A. and
                        Kogler, R. and Mönig, K. and Schott, M. and Stelzer, J.",
      title          = "{The global electroweak fit at NNLO and prospects for the
                        LHC and ILC}",
      collaboration  = "Gfitter Group",
      journal        = "Eur. Phys. J.",
      volume         = "C74",
      year           = "2014",
      pages          = "3046",
      doi            = "10.1140/epjc/s10052-014-3046-5",
      eprint         = "1407.3792",
      archivePrefix  = "arXiv",
      primaryClass   = "hep-ph",
      reportNumber   = "DESY-14-124",
      SLACcitation   = "%%CITATION = ARXIV:1407.3792;%%"
}

@article{Aad:2011dm,
      author         = "Aad, Georges and others",
      title          = "{Measurement of the inclusive $W^\pm$ and Z/gamma cross
                        sections in the electron and muon decay channels in $pp$
                        collisions at $\sqrt{s}=7$ TeV with the ATLAS detector}",
      collaboration  = "ATLAS",
      journal        = "Phys. Rev.",
      volume         = "D85",
      year           = "2012",
      pages          = "072004",
      doi            = "10.1103/PhysRevD.85.072004",
      eprint         = "1109.5141",
      archivePrefix  = "arXiv",
      primaryClass   = "hep-ex",
      reportNumber   = "CERN-PH-EP-2011-143",
      SLACcitation   = "%%CITATION = ARXIV:1109.5141;%%"
}